@Book{matemaks,
author = {Michał Budzyński},
title = {Matemaks - Matematyka Maksymalnie Prosta!},
note = {(\url{http://www.matemaks.pl/}, dostęp 12-12-2014)},
year = {2014},
publisher = {Licencja publiczna}
}
@Book{wstep,
author = {Jerzy Topp},
title = {Wstęp do Matematyki},
note = {(Wydanie I )},
year = {2014},
publisher = {Gdańsk}
}